<?xml version="1.0" encoding="UTF-8"?>
<record>
  <leader>00920ntm#a2200241#c#4500</leader>
  <controlfield tag="005">20210409174244.0</controlfield>
  <controlfield tag="007">tu</controlfield>
  <controlfield tag="008">201221|1780####xx############|||#|#fre#c</controlfield>
  <controlfield tag="003">DE-605</controlfield>
  <controlfield tag="001">990368743120206441</controlfield>
  <datafield tag="035" ind1=" " ind2=" ">
    <subfield code="a">(DE-605)HT020681018</subfield>
  </datafield>
  <datafield tag="040" ind1=" " ind2=" ">
    <subfield code="a">6</subfield>
    <subfield code="b">ger</subfield>
    <subfield code="e">rakwb</subfield>
  </datafield>
  <datafield tag="041" ind1=" " ind2=" ">
    <subfield code="a">fre</subfield>
  </datafield>
  <datafield tag="044" ind1=" " ind2=" ">
    <subfield code="c">XA-DXDE</subfield>
  </datafield>
  <datafield tag="245" ind1="0" ind2="0">
    <subfield code="a">Entwürfe für das Gebäude eines Hippodroms</subfield>
    <subfield code="b">Aussenansichten, Grundriss</subfield>
  </datafield>
  <datafield tag="264" ind1=" " ind2="1">
    <subfield code="a">[s.l]</subfield>
    <subfield code="c">[ca. 1780]</subfield>
  </datafield>
  <datafield tag="300" ind1=" " ind2=" ">
    <subfield code="a">5 Tafeln</subfield>
    <subfield code="c">47 x 37,5 cm</subfield>
  </datafield>
  <datafield tag="500" ind1=" " ind2=" ">
    <subfield code="a">Einband: Kartonage mit Buntpapier überzogen</subfield>
    <subfield code="9">F:512</subfield>
  </datafield>
  <datafield tag="500" ind1=" " ind2=" ">
    <subfield code="a">Enth.: Taf. 1, Elevation de la Principale Entrèe du Batiment. Taf. 2, Section du Batiment par sa Largeur. Taf. 2, Section du Batiment par toute sa Longeur. Taf. 4, Plan du Manege. Taf. 5, Exposition des Profils du Chapiteau Dorique</subfield>
    <subfield code="9">F:517</subfield>
  </datafield>
  <datafield tag="546" ind1=" " ind2=" ">
    <subfield code="a">Handschriftlich</subfield>
  </datafield>
  <datafield tag="964" ind1="0" ind2="s">
    <subfield code="F">030</subfield>
    <subfield code="A">a|zuc||||||37</subfield>
  </datafield>
  <datafield tag="964" ind1="0" ind2="s">
    <subfield code="F">050</subfield>
    <subfield code="A">|a||||||||||||</subfield>
  </datafield>
  <datafield tag="964" ind1="0" ind2="s">
    <subfield code="F">051</subfield>
    <subfield code="A">m|||||||</subfield>
  </datafield>
  <datafield tag="MBD" ind1=" " ind2=" ">
    <subfield code="M">49HBZ_NETWORK</subfield>
    <subfield code="i">990368743120206441</subfield>
    <subfield code="n">HBZ Network</subfield>
  </datafield>
  <datafield tag="MNG" ind1=" " ind2=" ">
    <subfield code="c">System</subfield>
    <subfield code="f">ILS</subfield>
    <subfield code="i">marc21</subfield>
    <subfield code="k">01</subfield>
    <subfield code="e">false</subfield>
    <subfield code="d">2021-04-09 17:42:44 Europe/Berlin</subfield>
    <subfield code="g">036874312-HBZ01</subfield>
    <subfield code="j">60</subfield>
    <subfield code="a">import</subfield>
    <subfield code="b">2021-04-05 13:16:54 Europe/Berlin</subfield>
  </datafield>
</record>
